
@inbook{phillips2010,
	title = {What is Philosophy of Education?},
	author = {Bailey, Richard and Barrow, Robin and Carr, David and McCarthy, Christine},
	year = {2010},
	date = {2010},
	publisher = {SAGE Publications Ltd},
	pages = {3--20},
	url = {https://sk.sagepub.com/reference/hdbk_philosophyeducation/n1.xml},
	note = {DOI: 10.4135/9781446200872.n1},
	address = {1 Oliver's Yard, 55 City Road, London EC1Y 1SP United Kingdom},
	langid = {en}
}

@inbook{brock2024,
	title = {Needs in Moral and Political Philosophy},
	author = {Brock, Gillian and Miller, David},
	editor = {Zalta, Edward N. and Nodelman, Uri},
	year = {2024},
	date = {2024},
	publisher = {Metaphysics Research Lab, Stanford University},
	edition = {Fall 2024},
	url = {https://plato.stanford.edu/archives/fall2024/entries/needs/}
}

@misc{cassam,
	title = {What Do You Really Want? - The Philosophers' Magazine},
	author = {Cassam, Quassim},
	url = {https://philosophersmag.com/what-do-you-really-want/},
	langid = {canadian}
}

@book{scruton2001,
	title = {Kant: a very short introduction},
	author = {Scruton, Roger},
	year = {2001},
	date = {2001},
	publisher = {Oxford Univ. Press},
	series = {Very short introductions},
	edition = {Rev. ed},
	note = {DOI: 10.1093/actrade/9780192801999.001.0001},
	address = {Oxford},
	langid = {eng}
}

@book{barnett2021,
	title = {Introduction to Philosophy: Epistemology},
	author = {Barnett, Brian C. and Hendricks, Christina and Axtell, Guy and Barnett, Brian C. and Long, Todd R. and Lopez, Jonathan and Massey, Daniel and Poole, Monica C. and Rowley, William D. and Sangeetha, K. S. and {Editor)}, {Brian C. Barnett (Book} and {Editor)}, {Christina Hendricks (Series} and {artist)}, {Heather Salazar (Cover} and {designer)}, {Jonathan Lashley (Cover}},
	year = {2021},
	month = {08},
	date = {2021-08-16},
	publisher = {The Rebus Community},
	note = {Item ID: {\_}:n0},
	langid = {en}
}

@article{ryan2000,
	title = {Intrinsic and Extrinsic Motivations: Classic Definitions and New Directions},
	author = {Ryan, Richard M. and Deci, Edward L.},
	year = {2000},
	month = {01},
	date = {2000-01},
	journal = {Contemporary Educational Psychology},
	pages = {54--67},
	volume = {25},
	number = {1},
	doi = {10.1006/ceps.1999.1020},
	url = {https://linkinghub.elsevier.com/retrieve/pii/S0361476X99910202},
	langid = {en}
}

@inbook{bonnett2002,
	title = {Autonomy and Authenticity in Education},
	author = {Bonnett, Michael and Cuypers, Stefaan},
	year = {2002},
	date = {2002},
	publisher = {Blackwell Publishing.}
}

@inbook{bonnett2002a,
	title = {Autonomy and Authenticity in Education},
	author = {Bonnett, Michael and Cuypers, Stefaan},
	year = {2002},
	date = {2002},
	publisher = {Blackwell Publishing.}
}

@unpublished{sunstein2024,
	title = {The Outrage Heuristic},
	author = {Sunstein, Cass R.},
	year = {2024},
	month = {04},
	date = {2024-04-06}
}

@inbook{fraser1999,
	title = {Social Justice in the Age of Identity Politics: Redistribution, Recognition, and Participation},
	author = {Ray, Larry and Sayer, Andrew},
	year = {1999},
	date = {1999},
	publisher = {SAGE Publications Ltd},
	pages = {25--52},
	url = {https://sk.sagepub.com/books/culture-and-economy-after-the-cultural-turn/n2.xml},
	note = {DOI: 10.4135/9781446218112.n2},
	address = {1 Oliver's Yard, 55 City Road, London EC1Y 1SP United Kingdom},
	langid = {en}
}
