
@article{fukazawa1968,
	title = {State and Caste System (jati) in the Eighteenth  Century Maratha Kingdom},
	author = {Fukazawa, Hiroshi},
	year = {1968},
	month = {06},
	date = {1968-06},
	journal = {Hitotsubashi Journal of Economics},
	pages = {32--44},
	volume = {9(1)},
	langid = {en}
}

@book{omvedt2007,
	title = {Jotirao Phule and the ideology of social revolution in India},
	author = {Omvedt, Gail},
	year = {2007},
	date = {2007},
	publisher = {Critical Quest},
	edition = {2. impr},
	address = {New Delhi},
	langid = {eng}
}

@book{leonard1991,
	title = {Kandukaru Viresalingam},
	author = {Leonard, John},
	year = {1991},
	date = {1991},
	publisher = {Telugu University},
	address = {Hyderabad}
}

@book{anjaneyulu1976,
	title = {Kandukuri Veeresalingam},
	author = {Anjaneyulu, D.},
	year = {1976},
	month = {11},
	date = {1976-11},
	publisher = {Publications Division, Ministry of Information and Broadcasting, Government of India},
	series = {Builders of Modern India},
	address = {New Delhi}
}

@book{keer1960,
	title = {Mahatma Jotirao Phooley - Father of the Indian social revolution},
	author = {Keer, Dhananjay},
	year = {1960},
	date = {1960},
	publisher = {Popular Prakashan},
	edition = {2},
	address = {Bombay}
}

@phdthesis{rao2009,
	title = {Social Reformation in the 19th Century Andhra - A Socio Philosophical Study},
	author = {Rao, G Madhava},
	year = {2009},
	date = {2009},
	address = {Visakhapatnam},
	langid = {English}
}

@article{chavan2024,
	title = {Satyashodhak Samaj{\textquoteright}s Sesquicentennial},
	author = {Chavan, Dilip},
	year = {2024},
	month = {09},
	date = {2024-09-07},
	journal = {Economic & Political Weekly},
	pages = {10--11},
	volume = {lix},
	number = {36},
	langid = {en}
}
