
@book{mukta1994,
	title = {Upholding the common life: the community of Mirabai},
	author = {Mukta, Parita},
	year = {1994},
	date = {1994},
	publisher = {Oxford University Press},
	series = {Gender studies},
	address = {Delhi},
	langid = {eng}
}

@online{Punjabi_2002,
  author    = {Punjabi, Anjali},
  title     = {Mirabai: A Few Things I Know About Her},
  year      = {2002},
  url       = {https://www.youtube.com/watch?v=Lg5rbQl9SKM},
  note      = {Films Division. YouTube. https://www.youtube.com/watch?v=Lg5rbQl9SKM (Published June 17, 2013)},
}

@book{chakravarti2012,
	title = {Everyday lives, everyday histories: beyond the kings and Brahmanas of 'ancient' India},
	author = {Chakravarti, Uma},
	year = {2012},
	date = {2012},
	publisher = {Tulika Books},
	edition = {Third edition},
	note = {OCLC: 824525578},
	address = {New Delhi},
	langid = {eng}
}


@book{chakravarti2018,
	title = {Gendering caste through a feminist lens},
	author = {Chakravarti, Uma},
	year = {2018},
	date = {2018},
	publisher = {SAGE Publications Stree},
	series = {Theorizing feminism},
	edition = {Revised edition},
	address = {New Delhi, India Thousand Oaks, California Kolkata},
	langid = {eng}
}
