
@article{rasheed2024,
	title = {Whose child is it? A psychological perspective on responsibility and accountability in decision making on nurturing care in early childhood},
	author = {Rasheed, Muneera A. and Holding, Penny},
	year = {2024},
	month = {06},
	date = {2024-06},
	journal = {Ethos},
	pages = {338--344},
	volume = {52},
	number = {2},
	doi = {10.1111/etho.12432},
	url = {https://anthrosource.onlinelibrary.wiley.com/doi/10.1111/etho.12432},
	langid = {en}
}

@inbook{gabig2013,
	title = {Assessment of Basic Language and Learning Skills (ABLLS)},
	author = {Gabig, Cheryl Smith},
	editor = {Volkmar, Fred R.},
	year = {2013},
	date = {2013},
	publisher = {Springer},
	pages = {267--270},
	url = {https://doi.org/10.1007/978-1-4419-1698-3_1096},
	note = {DOI: 10.1007/978-1-4419-1698-3{\_}1096},
	address = {New York, NY},
	langid = {en}
}

@book{jiddu2017,
	title = {Education and the Significance of life},
	author = {Jiddu, Krishnamurti},
	year = {2017},
	month = {01},
	date = {2017-01},
	publisher = {Krishnamurti Foundation of India}
}

@inbook{mukherji2017,
	title = {Education for the Species},
	author = {Mukherji, Nirmalangshu},
	year = {2017},
	date = {2017},
	publisher = {Springer Singapore},
	pages = {187--198},
	url = {http://link.springer.com/10.1007/978-981-10-5364-1_12},
	note = {DOI: 10.1007/978-981-10-5364-1{\_}12},
	address = {Singapore},
	langid = {en}
}

@misc{seshadri2014,
	title = {Parent{\textquoteright}s Choice},
	author = {Seshadri, Chithra},
	year = {2014},
	month = {03},
	date = {2014-03-15},
	url = {https://pingnama.wordpress.com/2014/03/15/parents-choice/},
	langid = {en}
}
